<Doc xmlns:gs2="http://www.greenstone.org/gs2" file="HASH7c57\5f57a57c\fb45ab00\33s38.dir\doc.xml"  gs2:docOID="HASH7c575f57a57cfb45ab0033s38" gs2:mode="add">

<Sec  gs2:docOID="HASH7c575f57a57cfb45ab0033s38" gs2:mode="add">
&lt;pre&gt;
 LDR 01115cam  2200301 a 4500
001     1125501
005     20021119081211.0
008     940712s1994    nyua     b    001 0ceng  
035    _9 (DLC)   94029575
906    _a 7
       _b cbc
       _c orignew
       _d 1
       _e ocip
       _f 19
       _g y-gencatlg
955    _a pc18 to vp00 07-12-94; vk09 07-13-94; CIP ver. vl19
 06-15-95
010    _a    94029575 
020    _a 0525938184
040    _a DLC
       _c DLC
       _d DLC
043    _a e-uk-en
050 00 _a ML421.B4
       _b A5 1994
082 00 _a 782.42166/092/2
       _a B
       _2 20
245 04 _a The lost Beatles interviews /
       _c Geoffrey Giuliano and Brenda Giuliano ; afterword by
 Dr. Timothy Leary.
260    _a New York :
       _b Dutton,
       _c c1994.
300    _a xiii, 398 p. :
       _b ill. ;
       _c 24 cm.
500    _a Transcripts of interviews with the Beatles and their
 associates, conducted 1963-1993 by Giuliano and others.
504    _a Includes bibliographical references (p. 385-386) and
 index.
610 20 _a Beatles.
650  0 _a Rock musicians
       _z England
       _v Interviews.
700 1  _a Giuliano, Geoffrey.
700 1  _a Devi, Vrnda.
710 2  _a Beatles.
991    _b c-Music
       _h ML421.B4
       _i A5 1994
       _t Copy 1
       _w BOOKS
&lt;/pre&gt;
 
</Sec>


</Doc>
